<?xml version="1.0" encoding="UTF-8"?><collection xmlns="http://www.loc.gov/MARC21/slim"><record><leader>00361nam--2200133-i-4500</leader><controlfield tag="001">000001103</controlfield><controlfield tag="002">20161230</controlfield><controlfield tag="005">20161230201024</controlfield><controlfield tag="008">060222s1000------------r-----000-0-eng-d</controlfield><datafield ind1=" " ind2=" " tag="080"><subfield code="a">539.1:543.5:578.08</subfield></datafield><datafield ind1=" " ind2=" " tag="100"><subfield code="a">Hendee, Wiliam R</subfield></datafield><datafield ind1=" " ind2=" " tag="245"><subfield code="a">Radioactive isotopes in biological research</subfield></datafield><datafield ind1=" " ind2=" " tag="260"><subfield code="a">New York, John Wiley &amp; Sons, 1973. Xvi + 356p</subfield></datafield><datafield ind1=" " ind2=" " tag="852"><subfield code="a">42961</subfield></datafield></record></collection>